@Inbook{Bendsøe2004,
	author="Bends{\o}e, Martin P.
	and Sigmund, Ole",
	title="Topology optimization by distribution of isotropic material",
	bookTitle="Topology Optimization: Theory, Methods, and Applications",
	year="2004",
	publisher="Springer Berlin Heidelberg",
	address="Berlin, Heidelberg",
	pages="1--69",
	abstract="In this chapter we present an overview of the basic ingredients of what we will denote as the material distribution method for finding the optimum lay-out of a linearly elastic structure. In this context the ``lay-out'' of the structure includes information on the topology, shape and sizing of the structure and the material distribution method allows for addressing all three problems simultaneously.",
	isbn="978-3-662-05086-6",
	doi="10.1007/978-3-662-05086-6_1",
	url="https://doi.org/10.1007/978-3-662-05086-6_1"
}

@article{sigmund200199,
	title={A 99 line topology optimization code written in Matlab},
	author={Sigmund, Ole},
	journal={Structural and multidisciplinary optimization},
	volume={21},
	number={2},
	pages={120--127},
	year={2001},
	publisher={Springer}
}

@article{andreassen2011efficient,
	title={Efficient topology optimization in MATLAB using 88 lines of code},
	author={Andreassen, Erik and Clausen, Anders and Schevenels, Mattias and Lazarov, Boyan S and Sigmund, Ole},
	journal={Structural and Multidisciplinary Optimization},
	volume={43},
	pages={1--16},
	year={2011},
	publisher={Springer}
}

@article{liu2014efficient,
	title={An efficient 3D topology optimization code written in Matlab},
	author={Liu, Kai and Tovar, Andr{\'e}s},
	journal={Structural and multidisciplinary optimization},
	volume={50},
	number={6},
	pages={1175--1196},
	year={2014},
	publisher={Springer}
}

@article{chung2019topology,
	title={Topology optimization in OpenMDAO},
	author={Chung, Hayoung and Hwang, John T and Gray, Justin S and Kim, H Alicia},
	journal={Structural and multidisciplinary optimization},
	volume={59},
	pages={1385--1400},
	year={2019},
	publisher={Springer}
}

@article{gray2019openmdao,
	title={OpenMDAO: An open-source framework for multidisciplinary design, analysis, and optimization},
	author={Gray, Justin S and Hwang, John T and Martins, Joaquim RRA and Moore, Kenneth T and Naylor, Bret A},
	journal={Structural and Multidisciplinary Optimization},
	volume={59},
	number={4},
	pages={1075--1104},
	year={2019},
	publisher={Springer}
}

@article{gupta202055,
	title={A 55-line code for large-scale parallel topology optimization in 2D and 3D},
	author={Gupta, Abhinav and Chowdhury, Rajib and Chakrabarti, Anupam and Rabczuk, Timon},
	journal={arXiv preprint arXiv:2012.08208},
	year={2020}
}

@article{alnaes2015fenics,
	title={The FEniCS project version 1.5},
	author={Aln{\ae}s, Martin and Blechta, Jan and Hake, Johan and Johansson, August and Kehlet, Benjamin and Logg, Anders and Richardson, Chris and Ring, Johannes and Rognes, Marie E and Wells, Garth N},
	journal={Archive of numerical software},
	volume={3},
	number={100},
	year={2015}
}

@article{ferro2023simple,
	title={A Simple and Efficient Structural Topology Optimization Implementation Using Open-Source Software for All Steps of the Algorithm: Modeling, Sensitivity Analysis and Optimization.},
	author={Ferro, Rafael Marin and Pavanello, Renato},
	journal={CMES-Computer Modeling in Engineering \& Sciences},
	volume={136},
	number={2},
	year={2023}
}

@book{griewank2008evaluating,
	title={Evaluating derivatives: principles and techniques of algorithmic differentiation},
	author={Griewank, Andreas and Walther, Andrea},
	year={2008},
	publisher={SIAM}
}

@article{norgaard2017applications,
	title={Applications of automatic differentiation in topology optimization},
	author={N{\o}rgaard, Sebastian A and Sagebaum, Max and Gauger, Nicolas R and Lazarov, Boyan S},
	journal={Structural and Multidisciplinary Optimization},
	volume={56},
	pages={1135--1146},
	year={2017},
	publisher={Springer}
}

@article{chandrasekhar2021auto,
	title={Auto: a framework for automatic differentiation in topology optimization},
	author={Chandrasekhar, Aaditya and Sridhara, Saketh and Suresh, Krishnan},
	journal={Structural and Multidisciplinary Optimization},
	volume={64},
	number={6},
	pages={4355--4365},
	year={2021},
	publisher={Springer}
}

@software{jax2018github,
	author = {James Bradbury and Roy Frostig and Peter Hawkins and Matthew James Johnson and Chris Leary and Dougal Maclaurin and George Necula and Adam Paszke and Jake Vander{P}las and Skye Wanderman-{M}ilne and Qiao Zhang},
	title = {{JAX}: composable transformations of {P}ython+{N}um{P}y programs},
	url = {http://github.com/jax-ml/jax},
	version = {0.3.13},
	year = {2018},
}

@misc{fealpy,
	title = {FEALPy: Finite Element Analysis Library in Python. https://github.com/weihuayi/fealpy},
	url = {https://github.com/weihuayi/fealpy},
	author = {Wei, Huayi and Huang, Yunqing},
	institution = {Xiangtan University},
	year = {Xiangtan University, 2017-2024},
}

@article{meurer2017sympy,
	title={SymPy: symbolic computing in Python},
	author={Meurer, Aaron and Smith, Christopher P and Paprocki, Mateusz and {\v{C}}ert{\'\i}k, Ond{\v{r}}ej and Kirpichev, Sergey B and Rocklin, Matthew and Kumar, AMiT and Ivanov, Sergiu and Moore, Jason K and Singh, Sartaj and others},
	journal={PeerJ Computer Science},
	volume={3},
	pages={e103},
	year={2017},
	publisher={PeerJ Inc.}
}

@article{bendsoe1989optimal,
	title={Optimal shape design as a material distribution problem},
	author={Bends{\o}e, Martin P},
	journal={Structural optimization},
	volume={1},
	pages={193--202},
	year={1989},
	publisher={Springer}
}

@article{zhou1991coc,
	title={The COC algorithm, Part II: Topological, geometrical and generalized shape optimization},
	author={Zhou, Ming and Rozvany, George IN},
	journal={Computer methods in applied mechanics and engineering},
	volume={89},
	number={1-3},
	pages={309--336},
	year={1991},
	publisher={Elsevier}
}

@article{sigmund2007morphology,
	title={Morphology-based black and white filters for topology optimization},
	author={Sigmund, Ole},
	journal={Structural and Multidisciplinary Optimization},
	volume={33},
	number={4},
	pages={401--424},
	year={2007},
	publisher={Springer}
}

@book{bendsoe1995optimization,
	title={Optimization of structural topology, shape, and material},
	author={Bends{\o}e, Martin P},
	volume={414},
	year={1995},
	publisher={Springer}
}

@article{svanberg1987method,
	title={The method of moving asymptotes—a new method for structural optimization},
	author={Svanberg, Krister},
	journal={International journal for numerical methods in engineering},
	volume={24},
	number={2},
	pages={359--373},
	year={1987},
	publisher={Wiley Online Library}
}

@book{bendsoe2013topology,
	title={Topology optimization: theory, methods, and applications},
	author={Bendsoe, Martin Philip and Sigmund, Ole},
	year={2013},
	publisher={Springer Science \& Business Media}
}

@article{sigmund1998numerical,
	title={Numerical instabilities in topology optimization: a survey on procedures dealing with checkerboards, mesh-dependencies and local minima},
	author={Sigmund, Ole and Petersson, Joakim},
	journal={Structural optimization},
	volume={16},
	pages={68--75},
	year={1998},
	publisher={Springer}
}

@article{sigmund1997design,
	title={On the design of compliant mechanisms using topology optimization},
	author={Sigmund, Ole},
	journal={Journal of Structural Mechanics},
	volume={25},
	number={4},
	pages={493--524},
	year={1997},
	publisher={Taylor \& Francis}
}

@article{bruns2001topology,
	title={Topology optimization of non-linear elastic structures and compliant mechanisms},
	author={Bruns, Tyler E and Tortorelli, Daniel A},
	journal={Computer methods in applied mechanics and engineering},
	volume={190},
	number={26-27},
	pages={3443--3459},
	year={2001},
	publisher={Elsevier}
}

@article{bourdin2001filters,
	title={Filters in topology optimization},
	author={Bourdin, Blaise},
	journal={International journal for numerical methods in engineering},
	volume={50},
	number={9},
	pages={2143--2158},
	year={2001},
	publisher={Wiley Online Library}
}

@article{guest2004achieving,
	title={Achieving minimum length scale in topology optimization using nodal design variables and projection functions},
	author={Guest, James K and Pr{\'e}vost, Jean H and Belytschko, Ted},
	journal={International journal for numerical methods in engineering},
	volume={61},
	number={2},
	pages={238--254},
	year={2004},
	publisher={Wiley Online Library}
}

@misc{arrayapi2023,
	author       = {Consortium for Python Data API Standards},
	title        = {Array API Standard, Version 2023.12},
	year         = {2023},
	howpublished = {\url{https://data-apis.org/array-api/2023.12/}},
	note         = {Accessed April 2025}
}

@inproceedings{Svanberg2007MmaAG,
	title={Mma and Gcmma, Versions September 2007},
	author={Krister Svanberg},
	year={2007},
	url={https://api.semanticscholar.org/CorpusID:16356003}
}

@article{svanberg2007mma,
	title={MMA and GCMMA-two methods for nonlinear optimization},
	author={Svanberg, Krister},
	journal={vol},
	volume={1},
	pages={1--15},
	year={2007}
}

@article{harris2020array,
	title={Array programming with NumPy},
	author={Harris, Charles R and Millman, K Jarrod and Van Der Walt, St{\'e}fan J and Gommers, Ralf and Virtanen, Pauli and Cournapeau, David and Wieser, Eric and Taylor, Julian and Berg, Sebastian and Smith, Nathaniel J and others},
	journal={Nature},
	volume={585},
	number={7825},
	pages={357--362},
	year={2020},
	publisher={Nature Publishing Group UK London}
}

@article{paszke2017automatic,
	title={Automatic differentiation in pytorch},
	author={Paszke, Adam and Gross, Sam and Chintala, Soumith and Chanan, Gregory and Yang, Edward and DeVito, Zachary and Lin, Zeming and Desmaison, Alban and Antiga, Luca and Lerer, Adam},
	year={2017}
}

@article{stolpe2001alternative,
	title={An alternative interpolation scheme for minimum compliance topology optimization},
	author={Stolpe, Mathias and Svanberg, Krister},
	journal={Structural and Multidisciplinary Optimization},
	volume={22},
	number={2},
	pages={116--124},
	year={2001},
	publisher={Springer}
}

@article{vatanabe2016topology,
	title={Topology optimization with manufacturing constraints: A unified projection-based approach},
	author={Vatanabe, Sandro L and Lippi, Tiago N and de Lima, C{\'\i}cero R and Paulino, Glaucio H and Silva, Em{\'\i}lio CN},
	journal={Advances in Engineering Software},
	volume={100},
	pages={97--112},
	year={2016},
	publisher={Elsevier}
}

@article{liu2018current,
	title={Current and future trends in topology optimization for additive manufacturing},
	author={Liu, Jikai and Gaynor, Andrew T and Chen, Shikui and Kang, Zhan and Suresh, Krishnan and Takezawa, Akihiro and Li, Lei and Kato, Junji and Tang, Jinyuan and Wang, Charlie CL and others},
	journal={Structural and multidisciplinary optimization},
	volume={57},
	number={6},
	pages={2457--2483},
	year={2018},
	publisher={Springer}
}

@article{guest2009imposing,
	title={Imposing maximum length scale in topology optimization},
	author={Guest, James K},
	journal={Structural and Multidisciplinary Optimization},
	volume={37},
	pages={463--473},
	year={2009},
	publisher={Springer}
}

@article{li2016structural,
	title={Structural topology optimization considering connectivity constraint},
	author={Li, Quhao and Chen, Wenjiong and Liu, Shutian and Tong, Liyong},
	journal={Structural and Multidisciplinary Optimization},
	volume={54},
	pages={971--984},
	year={2016},
	publisher={Springer}
}

@article{qian2017undercut,
	title={Undercut and overhang angle control in topology optimization: a density gradient based integral approach},
	author={Qian, Xiaoping},
	journal={International Journal for Numerical Methods in Engineering},
	volume={111},
	number={3},
	pages={247--272},
	year={2017},
	publisher={Wiley Online Library}
}

@article{sanders2018multi,
	title={Multi-material continuum topology optimization with arbitrary volume and mass constraints},
	author={Sanders, Emily D and Aguil{\'o}, Miguel A and Paulino, Glaucio H},
	journal={Computer Methods in Applied Mechanics and Engineering},
	volume={340},
	pages={798--823},
	year={2018},
	publisher={Elsevier}
}

@Comment{jabref-meta: databaseType:bibtex;}
