@article{michell1904lviii,
	title={LVIII. The limits of economy of material in frame-structures},
	author={Michell, Anthony George Maldon},
	journal={The London, Edinburgh, and Dublin Philosophical Magazine and Journal of Science},
	volume={8},
	number={47},
	pages={589--597},
	year={1904},
	publisher={Taylor \& Francis}
}

@article{prager1977optimization,
	title={Optimization of structural geometry},
	author={Prager, William and Rozvany, George IN},
	journal={Dynamical systems},
	pages={265--293},
	year={1977},
	publisher={Elsevier}
}

@article{rozvany1972optimal,
	title={Optimal load transmission by flexure},
	author={Rozvany, George IN},
	journal={Computer Methods in Applied Mechanics and Engineering},
	volume={1},
	number={3},
	pages={253--263},
	year={1972},
	publisher={Elsevier}
}

@article{cheng1981investigation,
	title={An investigation concerning optimal design of solid elastic plates},
	author={Cheng, Keng-Tung and Olhoff, Niels},
	journal={International Journal of Solids and Structures},
	volume={17},
	number={3},
	pages={305--323},
	year={1981},
	publisher={Elsevier}
}

@article{bendsoe1988generating,
	title={Generating optimal topologies in structural design using a homogenization method},
	author={Bends{\o}e, Martin Philip and Kikuchi, Noboru},
	journal={Computer methods in applied mechanics and engineering},
	volume={71},
	number={2},
	pages={197--224},
	year={1988},
	publisher={Elsevier}
}

@article{jihong2021review,
	title={A review of topology optimization for additive manufacturing: Status and challenges},
	author={Jihong, ZHU and Han, ZHOU and Chuang, WANG and Lu, ZHOU and Shangqin, YUAN and others},
	journal={Chinese Journal of Aeronautics},
	volume={34},
	number={1},
	pages={91--110},
	year={2021},
	publisher={Elsevier}
}

@article{zhu2016topology,
	title={Topology optimization in aircraft and aerospace structures design},
	author={Zhu, Ji-Hong and Zhang, Wei-Hong and Xia, Liang},
	journal={Archives of computational methods in engineering},
	volume={23},
	pages={595--622},
	year={2016},
	publisher={Springer}
}

@article{xiao2020design,
	title={Design and topology optimization of air conditioning suspension bracket for metro},
	author={Xiao, Qian and Guo, Wei-nian and Yang, Li-ting and Zhou, Sheng-tong and Chen, Dao-yun},
	journal={Science Progress},
	volume={103},
	number={4},
	pages={0036850420980617},
	year={2020},
	publisher={SAGE Publications Sage UK: London, England}
}

@article{koper2021topology,
	title={Topology optimization of a mandibular reconstruction plate and biomechanical validation},
	author={Koper, David C and Leung, Carine AW and Smeets, Lars CP and Laeven, Paul FJ and Tuijthof, Gabri{\"e}lle JM and Kessler, Peter AWH},
	journal={journal of the mechanical behavior of biomedical materials},
	volume={113},
	pages={104157},
	year={2021},
	publisher={Elsevier}
}

@article{mallek2024topological,
	title={Topological optimization of hip spacer reinforcement},
	author={Mallek, Abdelhafid and Albedah, Abdulmohsen and Bouziane, Mohammed Mokhtar and Bouiadjra, Bel Abbes Bachir and Mohammed, Sohail MAK and Gill, Richie HS},
	journal={Journal of the Mechanical Behavior of Biomedical Materials},
	volume={160},
	pages={106763},
	year={2024},
	publisher={Elsevier}
}

@article{park2019topology,
	title={Topology optimization of fixed complete denture framework},
	author={Park, Jaejong and Lee, Damian and Sutradhar, Alok},
	journal={International journal for numerical methods in biomedical engineering},
	volume={35},
	number={6},
	pages={e3193},
	year={2019},
	publisher={Wiley Online Library}
}

@article{wang2023improved,
	title={An improved evolutionary structure optimization method for smooth topology design of structures},
	author={Wang, Leijia and Yue, Wenhui and Zhu, Mingqiao},
	journal={International Journal of Computational Methods},
	volume={20},
	number={04},
	pages={2250061},
	year={2023},
	publisher={World Scientific}
}

@article{han2021topology,
	title={Topology optimization of material nonlinear continuum structures under stress constraints},
	author={Han, Yongsheng and Xu, Bin and Wang, Qian and Liu, Yuanhao and Duan, Zunyi},
	journal={Computer Methods in Applied Mechanics and Engineering},
	volume={378},
	pages={113731},
	year={2021},
	publisher={Elsevier}
}

@article{zhang2020topology,
	title={Topology optimization of hyperelastic structures using a modified evolutionary topology optimization method},
	author={Zhang, Zeyu and Zhao, Yong and Du, Bingxiao and Chen, Xiaoqian and Yao, Wen},
	journal={Structural and Multidisciplinary Optimization},
	volume={62},
	pages={3071--3088},
	year={2020},
	publisher={Springer}
}

@article{zhu2020design,
	title={Design of compliant mechanisms using continuum topology optimization: A review},
	author={Zhu, Benliang and Zhang, Xianmin and Zhang, Hongchuan and Liang, Junwen and Zang, Haoyan and Li, Hai and Wang, Rixin},
	journal={Mechanism and Machine Theory},
	volume={143},
	pages={103622},
	year={2020},
	publisher={Elsevier}
}
